@inproceedings{lattner2004llvm,
  title={LLVM: A compilation framework for lifelong program analysis \& transformation},
  author={Lattner, Chris and Adve, Vikram},
  booktitle={International Symposium on Code Generation and Optimization, 2004. CGO 2004.},
  pages={75--86},
  year={2004},
  organization={IEEE}
}

@INPROCEEDINGS{2017cummins, 
author={C. Cummins and P. Petoumenos and Z. Wang and H. Leather}, 
booktitle={2017 26th International Conference on Parallel Architectures and Compilation Techniques (PACT)}, 
title={End-to-End Deep Learning of Optimization Heuristics}, 
year={2017}, 
volume={}, 
number={}, 
pages={219-232}, 
keywords={Feature extraction;Neural networks;Optimization;Predictive models;Runtime;Vocabulary;Compiler Optimizations;Heterogeneous Systems;Machine Learning;Optimization Heuristics}, 
ISSN={}, 
month={Sept},}

@article{nobre2018compiler,
  title={Compiler phase ordering as an orthogonal approach for reducing energy consumption},
  author={Nobre, Ricardo and Reis, Lu{\'\i}s and Cardoso, Joao MP},
  journal={arXiv preprint arXiv:1807.00638},
  year={2018}
}

@article{kennedy2010particle,
  title={Particle swarm optimization},
  author={Kennedy, James},
  journal={Encyclopedia of machine learning},
  pages={760--766},
  year={2010},
  publisher={Springer}
}

@article{salimans2017evolution,
  title={Evolution strategies as a scalable alternative to reinforcement learning},
  author={Salimans, Tim and Ho, Jonathan and Chen, Xi and Sidor, Szymon and Sutskever, Ilya},
  journal={arXiv preprint arXiv:1703.03864},
  year={2017}
}
@article{schulman2017proximal,
  title={Proximal policy optimization algorithms},
  author={Schulman, John and Wolski, Filip and Dhariwal, Prafulla and Radford, Alec and Klimov, Oleg},
  journal={arXiv preprint arXiv:1707.06347},
  year={2017}
}

@inproceedings{Muchnick97,
	author = {Steven S. Muchnick},
	publisher = {Morgan Kaufmann},
	title = {Advanced Compiler Design and Implementation},
	booktitle = {Advanced Compiler Design and Implementation},
	year = {1997}}
	
@inproceedings{2012Kulkarni,
 author = {Kulkarni, Sameer and Cavazos, John},
 title = {Mitigating the Compiler Optimization Phase-ordering Problem Using Machine Learning},
 booktitle = {Proceedings of the ACM International Conference on Object Oriented Programming Systems Languages and Applications},
 series = {OOPSLA '12},
 year = {2012},
} 

@inproceedings{2003Stephenson,
 author = {Stephenson, Mark and Amarasinghe, Saman and Martin, Martin and O'Reilly, Una-May},
 title = {Meta Optimization: Improving Compiler Heuristics with Machine Learning},
 booktitle = {Proceedings of the ACM SIGPLAN 2003 Conference on Programming Language Design and Implementation},
 series = {PLDI '03},
 year = {2003},
} 


@article{schafer2012machine,
  title={Machine learning predictive modelling high-level synthesis design space exploration},
  author={Schafer, B Carrion and Wakabayashi, Kazutoshi},
  journal={IET computers \& digital techniques},
  volume={6},
  number={3},
  pages={153--159},
  year={2012},
  publisher={IET}
}

@inproceedings{touati2006decidability,
  title={On the decidability of phase ordering problem in optimizing compilation},
  author={Touati, Sid-Ahmed-Ali and Barthou, Denis},
  booktitle={Proceedings of the 3rd conference on Computing frontiers},
  pages={147--156},
  year={2006},
  organization={ACM}
}

@inproceedings{huang2013effect,
  title={The effect of compiler optimizations on high-level synthesis for FPGAs},
  author={Huang, Qijing and Lian, Ruolong and Canis, Andrew and Choi, Jongsok and Xi, Ryan and Brown, Stephen and Anderson, Jason},
  booktitle={Field-Programmable Custom Computing Machines (FCCM), 2013 IEEE 21st Annual International Symposium on},
  pages={89--96},
  year={2013},
  organization={IEEE}
}

@inproceedings{agakov2006using,
  title={Using machine learning to focus iterative optimization},
  author={Agakov, Felix and Bonilla, Edwin and Cavazos, John and Franke, Bj{\"o}rn and Fursin, Grigori and O'Boyle, Michael FP and Thomson, John and Toussaint, Marc and Williams, Christopher KI},
  booktitle={Proceedings of the International Symposium on Code Generation and Optimization},
  pages={295--305},
  year={2006},
  organization={IEEE Computer Society}
}

@inproceedings{peng1994,
  title={Incremental multi-step Q-learning},
  author={Peng, Jing and Williams, Ronald J},
  booktitle={Machine Learning Proceedings 1994},
  pages={226--232},
  year={1994},
  publisher={Elsevier},
}

@article{breiman2001random,
  title={Random forests},
  author={Breiman, Leo},
  journal={Machine learning},
  volume={45},
  number={1},
  pages={5--32},
  year={2001},
  publisher={Springer}
}

@inproceedings{hara2008chstone,
  title={{CHstone: A benchmark program suite for practical c-based high-level synthesis}},
  author={Hara, Yuko and Tomiyama, Hiroyuki and Honda, Shinya and Takada, Hiroaki and Ishii, Katsuya},
  booktitle={Circuits and Systems, 2008. ISCAS 2008. IEEE International Symposium on},
  pages={1192--1195},
  year={2008}
}

@inproceedings{wang2018, 
author={Z. Wang and M. OBoyle}, 
journal={Proceedings of the IEEE}, 
title={Machine Learning in Compiler Optimization}, 
booktitle={Machine Learning in Compiler Optimization}, 
year={2018}, 
volume={106}, 
pages={1879-1901}, 
month={Nov},}

@inproceedings{watkins1992q,
  title={Q-learning},
  author={Watkins, Christopher JCH and Dayan, Peter},
  journal={Machine learning},
  volume={8},
  number={3-4},
  pages={279--292},
  year={1992},
  publisher={Springer}
}
@inproceedings{van2016,
  title={Deep Reinforcement Learning with Double Q-Learning.},
  author={Van Hasselt, Hado and Guez, Arthur and Silver, David},
  booktitle={AAAI},
  volume={2},
  pages={5},
  year={2016},
  organization={Phoenix, AZ}
}
@inproceedings{mnih2015,
  title={Human-level control through deep reinforcement learning},
  author={Mnih, Volodymyr and Kavukcuoglu, Koray and Silver, David and Rusu, Andrei A and Veness, Joel and Bellemare, Marc G and Graves, Alex and Riedmiller, Martin and Fidjeland, Andreas K and Ostrovski, Georg and others},
  journal={Nature},
  volume={518},
  number={7540},
  pages={529},
  year={2015}
}
@inproceedings{silver2016,
  title={Mastering the game of Go with deep neural networks and tree search},
  author={Silver, David and Huang, Aja and Maddison, Chris J and Guez, Arthur and Sifre, Laurent and Van Den Driessche, George and Schrittwieser, Julian and Antonoglou, Ioannis and Panneershelvam, Veda and Lanctot, Marc and others},
  journal={nature},
  volume={529},
  number={7587},
  pages={484},
  year={2016}
}
@inproceedings{sutton2000,
  title={Policy gradient methods for reinforcement learning with function approximation},
  author={Sutton, Richard S and McAllester, David A and Singh, Satinder P and Mansour, Yishay},
  booktitle={Advances in neural information processing systems},
  pages={1057--1063},
  year={2000}
}
@inproceedings{ross2011,
  title={A reduction of imitation learning and structured prediction to no-regret online learning},
  author={Ross, St{\'e}phane and Gordon, Geoffrey and Bagnell, Drew},
  booktitle={Proceedings of the fourteenth international conference on artificial intelligence and statistics},
  pages={627--635},
  year={2011}
}
@misc{Intel2017,
author = {{Intel Inc.}},
title = {{Intel® Core™ i7-4765T Processor Specification}},
url = {https://ark.intel.com/products/75121/Intel-Core-i7-4765T-Processor-8M-Cache-up-to-3-00-GHz-},
year = {2017}
}

@book{sutton1998,
  title={Introduction to reinforcement learning},
  author={Sutton, Richard S and Barto, Andrew G},
  volume={135},
  year={1998},
  publisher={MIT press Cambridge}
}
@inproceedings{TF,
  title={Tensorflow: a system for large-scale machine learning.},
  author={Abadi, Martin and Barham, Paul and Chen, Jianmin and Chen, Zhifeng and Davis, Andy and Dean, Jeffrey and Devin, Matthieu and Ghemawat, Sanjay and Irving, Geoffrey and Isard, Michael and others},
  booktitle={OSDI},
  volume={16},
  pages={265--283},
  year={2016}
}
@inproceedings{bellman1957,
  title={A Markovian decision process},
  author={Bellman, Richard},
  booktitle={Journal of Mathematics and Mechanics},
  pages={679--684},
  year={1957},
}
@inproceedings{Baxter2001,
 author = {Baxter, Jonathan and Bartlett, Peter L.},
 title = {Infinite-horizon Policy-gradient Estimation},
 journal = {J. Artif. Int. Res.},
 issue_date = {July 2001},
 volume = {15},
 number = {1},
 month = nov,
 year = {2001},
 issn = {1076-9757},
 pages = {319--350},
 numpages = {32},
 acmid = {1622855},
 publisher = {AI Access Foundation},
 address = {USA},
} 

@article{canis2013legup,
  title={LegUp: An open-source high-level synthesis tool for FPGA-based processor/accelerator systems},
  author={Canis, Andrew and Choi, Jongsok and Aldham, Mark and Zhang, Victor and Kammoona, Ahmed and Czajkowski, Tomasz and Brown, Stephen D and Anderson, Jason H},
  journal={ACM Transactions on Embedded Computing Systems (TECS)},
  volume={13},
  number={2},
  pages={24},
  year={2013},
  publisher={ACM}
}

@article{huang2015effect,
  title={The effect of compiler optimizations on high-level synthesis-generated hardware},
  author={Huang, Qijing and Lian, Ruolong and Canis, Andrew and Choi, Jongsok and Xi, Ryan and Calagar, Nazanin and Brown, Stephen and Anderson, Jason},
  journal={ACM Transactions on Reconfigurable Technology and Systems (TRETS)},
  volume={8},
  number={3},
  pages={14},
  year={2015},
  publisher={ACM}
}

@article{hausknechtS2015drl,
  author    = {Matthew J. Hausknecht and
               Peter Stone},
  title     = {Deep Recurrent Q-Learning for Partially Observable MDPs},
  journal   = {CoRR},
  volume    = {abs/1507.06527},
  year      = {2015},
  archivePrefix = {arXiv},
  eprint    = {1507.06527},
  timestamp = {Mon, 13 Aug 2018 16:48:38 +0200},
  biburl    = {https://dblp.org/rec/bib/journals/corr/HausknechtS15},
  bibsource = {dblp computer science bibliography, https://dblp.org}
}

@inproceedings{triantafyllis2003compiler,
  title={Compiler optimization-space exploration},
  author={Triantafyllis, Spyridon and Vachharajani, Manish and Vachharajani, Neil and August, David I},
  booktitle={Proceedings of the international symposium on Code generation and optimization: feedback-directed and runtime optimization},
  pages={204--215},
  year={2003},
  organization={IEEE Computer Society}
}

@article{almagor2004finding,
  title={Finding effective compilation sequences},
  author={Almagor, Lelac and Cooper, Keith D and Grosul, Alexander and Harvey, Timothy J and Reeves, Steven W and Subramanian, Devika and Torczon, Linda and Waterman, Todd},
  journal={ACM SIGPLAN Notices},
  volume={39},
  number={7},
  pages={231--239},
  year={2004},
  publisher={ACM}
}

@inproceedings{pan2006fast,
  title={Fast and effective orchestration of compiler optimizations for automatic performance tuning},
  author={Pan, Zhelong and Eigenmann, Rudolf},
  booktitle={Proceedings of the International Symposium on Code Generation and Optimization},
  pages={319--332},
  year={2006},
  organization={IEEE Computer Society}
}
@inproceedings{hajlearning,
  title={Learning to Vectorize Using Deep Reinforcement Learning},
  author={Haj-Ali, Ameer and Ahmed, Nesreen K and Willke, Ted and Shao, Sophia and Asanovic, Krste and Stoica, Ion},
  booktitle={Workshop on ML for Systems at NeurIPS},
  month = {December},
  year={2019}
}

@inproceedings{huang2019autophase,
  title={AutoPhase: Compiler Phase-Ordering for HLS with Deep Reinforcement Learning},
  author={Huang, Qijing and Haj-Ali, Ameer and Moses, William and Xiang, John and Stoica, Ion and Asanovic, Krste and Wawrzynek, John},
  booktitle={2019 IEEE 27th Annual International Symposium on Field-Programmable Custom Computing Machines (FCCM)},
  pages={308--308},
  year={2019},
  organization={IEEE}
}

@article{fursin2011milepost,
  title={Milepost gcc: Machine learning enabled self-tuning compiler},
  author={Fursin, Grigori and Kashnikov, Yuriy and Memon, Abdul Wahid and Chamski, Zbigniew and Temam, Olivier and Namolaru, Mircea and Yom-Tov, Elad and Mendelson, Bilha and Zaks, Ayal and Courtois, Eric and others},
  journal={International journal of parallel programming},
  volume={39},
  number={3},
  pages={296--327},
  year={2011},
  publisher={Springer}
}
@inproceedings{chapelle2011,
  title={An empirical evaluation of thompson sampling},
  author={Chapelle, Olivier and Li, Lihong},
  booktitle={Advances in neural information processing systems},
  pages={2249--2257},
  year={2011}
}
@inproceedings{bellemare2016,
  title={Unifying count-based exploration and intrinsic motivation},
  author={Bellemare, Marc and Srinivasan, Sriram and Ostrovski, Georg and Schaul, Tom and Saxton, David and Munos, Remi},
  booktitle={Advances in Neural Information Processing Systems},
  pages={1471--1479},
  year={2016}
}
@inproceedings{cong2006efficient,
  title={An efficient and versatile scheduling algorithm based on SDC formulation},
  author={Cong, Jason and Zhang, Zhiru},
  booktitle={Design Automation Conference, 2006 43rd ACM/IEEE},
  pages={433--438},
  year={2006},
  organization={IEEE}
}

@inproceedings{ashari2012machine,
  title={Machine Learning based Compiler Optimization},
  author={Ashari, A and Del Vento, D and Sadayappan, P},
  booktitle={AGU Fall Meeting Abstracts},
  year={2012}
}

@misc{brockman2016openai,
    title={OpenAI Gym},
    author={Greg Brockman and Vicki Cheung and Ludwig Pettersson and Jonas Schneider and John Schulman and Jie Tang and Wojciech Zaremba},
    year={2016},
    eprint={1606.01540},
    archivePrefix={arXiv},
    primaryClass={cs.LG}
}

@misc{xilinx_vivado_hls,
	author={Xilinx},
	title={{Vivado High-Level Synthesis}},
	year={2019},
    url ={{https://www.xilinx.com/products/design-tools/vivado/integration/esl-design.html}}
}

@misc{intel_hls,
	author={Intel},
	year={2019},
	title={Intel {High-Level Synthesis Compiler}},
  url = {{https://www.intel.com/content/www/us/en/software/programmable/quartus-prime/hls-compiler.html}}
}

@misc{synopsys_hls,
	author={Synopsys},
	title={Synopsys Introduces Synphony High Level Synthesis
},
  howpublished         = {\url{https://news.synopsys.com/index.php?s=20295&item=123096 }},
}

@misc{cadence_hls,
	author={Cadence},
	title={Stratus High-Level Synthesis
},
  howpublished         = {\url{https://www.cadence.com/content/cadence-www/global/en_US/home/tools/digital-design-and-signoff/synthesis/stratus-high-level-synthesis.html}},
}

@misc{mentor_hls,
	author={ Mentor},
	title={Catapult High-Level Synthesis
},
  howpublished         = {\url{https://www.mentor.com/hls-lp/catapult-high-level-synthesis/}},
}

@inproceedings{kaelbling1996reinforcement,
  title={Reinforcement learning: A survey},
  booktitle={Reinforcement learning: A survey},
  author={Kaelbling, Leslie Pack and Littman, Michael L and Moore, Andrew W},
  journal={Journal of artificial intelligence research},
  volume={4},
  pages={237--285},
  year={1996}
}

@article{DEAP_JMLR2012, 
    author    = " F\'elix-Antoine Fortin and Fran\c{c}ois-Michel {De Rainville} and Marc-Andr\'e Gardner and Marc Parizeau and Christian Gagn\'e ",
    title     = { {DEAP}: Evolutionary Algorithms Made Easy },
    pages    = { 2171--2175 },
    volume    = { 13 },
    month     = { jul },
    year      = { 2012 },
    journal   = { Journal of Machine Learning Research }
}

@inproceedings{ansel2014opentuner,
  title={Opentuner: An extensible framework for program autotuning},
  author={Ansel, Jason and Kamil, Shoaib and Veeramachaneni, Kalyan and Ragan-Kelley, Jonathan and Bosboom, Jeffrey and O'Reilly, Una-May and Amarasinghe, Saman},
  booktitle={Proceedings of the 23rd international conference on Parallel architectures and compilation},
  pages={303--316},
  year={2014},
  organization={ACM}
}

@inproceedings{yang2011csmith,
  title={Finding and understanding bugs in C compilers},
  author={Yang, Xuejun and Chen, Yang and Eide, Eric and Regehr, John},
  booktitle={ACM SIGPLAN Notices},
  volume={46},
  pages={283--294},
  year={2011},
  organization={ACM}
}

@inproceedings{conti2018improving,
  title={Improving exploration in evolution strategies for deep reinforcement learning via a population of novelty-seeking agents},
  author={Conti, Edoardo and Madhavan, Vashisht and Such, Felipe Petroski and Lehman, Joel and Stanley, Kenneth and Clune, Jeff},
  booktitle={Advances in Neural Information Processing Systems},
  pages={5032--5043},
  year={2018}
}
@inproceedings{moritz2018ray,
  title={Ray: A Distributed Framework for Emerging $\{$AI$\}$ Applications},
  author={Moritz, Philipp and Nishihara, Robert and Wang, Stephanie and Tumanov, Alexey and Liaw, Richard and Liang, Eric and Elibol, Melih and Yang, Zongheng and Paul, William and Jordan, Michael I and others},
  booktitle={13th $\{$USENIX$\}$ Symposium on Operating Systems Design and Implementation ($\{$OSDI$\}$ 18)},
  pages={561--577},
  year={2018}
}

@article{liang2017rllib,
  title={RLlib: Abstractions for distributed reinforcement learning},
  author={Liang, Eric and Liaw, Richard and Moritz, Philipp and Nishihara, Robert and Fox, Roy and Goldberg, Ken and Gonzalez, Joseph E and Jordan, Michael I and Stoica, Ion},
  journal={arXiv preprint arXiv:1712.09381},
  year={2017}
}
@article{haj2019neurovectorizer,
  title={NeuroVectorizer: End-to-End Vectorization with Deep Reinforcement Learning},
  author={Haj-Ali, Ameer and Ahmed, Nesreen K and Willke, Ted and Shao, Sophia and Asanovic, Krste and Stoica, Ion},
  journal={International Symposium on Code Generation and Optimization (CGO)},
  month = {February},
  year={2020}
}

@article{hajali2019deep,
    title={A View on Deep Reinforcement Learning in System Optimization},
    author={Haj-Ali, Ameer and K. Ahmed, Nesreen and Willke, Ted and Gonzalez, Joseph and Asanovic, Krste and Stoica, Ion},
    year={2019},
    journal={arXiv preprint arXiv:1908.01275},
}
@inproceedings{mnih2016asynchronous,
  title={Asynchronous methods for deep reinforcement learning},
  author={Mnih, Volodymyr and Badia, Adria Puigdomenech and Mirza, Mehdi and Graves, Alex and Lillicrap, Timothy and Harley, Tim and Silver, David and Kavukcuoglu, Koray},
  booktitle={International conference on machine learning},
  pages={1928--1937},
  year={2016}
}

@article{goldberg1988genetic,
  title={Genetic algorithms and machine learning},
  author={Goldberg, David E and Holland, John H},
  journal={Machine learning},
  volume={3},
  number={2},
  pages={95--99},
  year={1988},
  publisher={Springer}
}

@book{goldberg2006genetic,
  title={Genetic algorithms},
  author={Goldberg, David E},
  year={2006},
  publisher={Pearson Education India}
}